[gd_scene load_steps=22 format=2]

[ext_resource path="res://UI.gd" type="Script" id=1]
[ext_resource path="res://CONTF___.ttf" type="DynamicFontData" id=2]
[ext_resource path="res://lungs.png" type="Texture" id=3]
[ext_resource path="res://wooden-crate.png" type="Texture" id=5]
[ext_resource path="res://police-badge.png" type="Texture" id=6]
[ext_resource path="res://Spanner-White.png" type="Texture" id=8]

[sub_resource type="DynamicFont" id=1]
size = 24
outline_size = 1
outline_color = Color( 0, 0, 0, 1 )
use_filter = true
font_data = ExtResource( 2 )

[sub_resource type="Animation" id=2]
resource_name = "Blink"
length = 2.0
loop = true
tracks/0/type = "value"
tracks/0/path = NodePath(".:modulate")
tracks/0/interp = 1
tracks/0/loop_wrap = true
tracks/0/imported = false
tracks/0/enabled = true
tracks/0/keys = {
"times": PoolRealArray( 0, 0.8, 1.6 ),
"transitions": PoolRealArray( 1, 1, 1 ),
"update": 0,
"values": [ Color( 1, 0.784314, 0, 1 ), Color( 1, 0.784314, 0, 0 ), Color( 1, 0.784314, 0, 1 ) ]
}

[sub_resource type="Animation" id=3]
resource_name = "Blink"
length = 1.5
loop = true
tracks/0/type = "value"
tracks/0/path = NodePath(".:modulate")
tracks/0/interp = 1
tracks/0/loop_wrap = true
tracks/0/imported = false
tracks/0/enabled = true
tracks/0/keys = {
"times": PoolRealArray( 0, 0.7, 1.4 ),
"transitions": PoolRealArray( 1, 1, 1 ),
"update": 0,
"values": [ Color( 1, 0, 0, 1 ), Color( 1, 0, 0, 0 ), Color( 1, 0, 0, 1 ) ]
}

[sub_resource type="Animation" id=4]
resource_name = "Blink"
length = 1.6
loop = true
tracks/0/type = "value"
tracks/0/path = NodePath(".:modulate")
tracks/0/interp = 1
tracks/0/loop_wrap = true
tracks/0/imported = false
tracks/0/enabled = true
tracks/0/keys = {
"times": PoolRealArray( 0, 0.6, 1.2 ),
"transitions": PoolRealArray( 1, 1, 1 ),
"update": 0,
"values": [ Color( 0, 0.858824, 1, 1 ), Color( 0, 0.858824, 1, 0 ), Color( 0, 0.858824, 1, 1 ) ]
}

[sub_resource type="DynamicFont" id=13]
size = 36
outline_size = 1
outline_color = Color( 0, 0, 0, 1 )
use_filter = true
font_data = ExtResource( 2 )

[sub_resource type="Animation" id=12]
resource_name = "Blink"
loop = true
tracks/0/type = "value"
tracks/0/path = NodePath(".:modulate")
tracks/0/interp = 1
tracks/0/loop_wrap = true
tracks/0/imported = false
tracks/0/enabled = true
tracks/0/keys = {
"times": PoolRealArray( 0, 0.5, 1 ),
"transitions": PoolRealArray( 1, 1, 1 ),
"update": 0,
"values": [ Color( 1, 0, 0, 1 ), Color( 1, 0, 0, 0 ), Color( 1, 0, 0, 1 ) ]
}

[sub_resource type="DynamicFont" id=14]
size = 36
outline_size = 1
outline_color = Color( 0, 0, 0, 1 )
use_filter = true
font_data = ExtResource( 2 )

[sub_resource type="Animation" id=15]
resource_name = "Blink"
length = 2.0
loop = true
tracks/0/type = "value"
tracks/0/path = NodePath(".:modulate")
tracks/0/interp = 1
tracks/0/loop_wrap = true
tracks/0/imported = false
tracks/0/enabled = true
tracks/0/keys = {
"times": PoolRealArray( 0, 0.7, 1.4 ),
"transitions": PoolRealArray( 1, 1, 1 ),
"update": 0,
"values": [ Color( 0, 1, 0, 1 ), Color( 0, 1, 0, 0 ), Color( 0, 1, 0, 1 ) ]
}

[sub_resource type="StyleBoxTexture" id=5]
texture = ExtResource( 8 )
region_rect = Rect2( 0, 0, 64, 64 )
axis_stretch_horizontal = 1
axis_stretch_vertical = 1
modulate_color = Color( 0.933333, 0.513726, 0.0509804, 1 )

[sub_resource type="StyleBoxEmpty" id=6]

[sub_resource type="StyleBoxTexture" id=7]
texture = ExtResource( 3 )
region_rect = Rect2( 0, 0, 64, 64 )
axis_stretch_horizontal = 1
axis_stretch_vertical = 1

[sub_resource type="StyleBoxEmpty" id=8]

[sub_resource type="StyleBoxTexture" id=10]
texture = ExtResource( 5 )
region_rect = Rect2( 0, 0, 64, 64 )
axis_stretch_horizontal = 1
axis_stretch_vertical = 1

[sub_resource type="StyleBoxEmpty" id=11]

[sub_resource type="DynamicFont" id=9]
size = 24
outline_size = 1
outline_color = Color( 0, 0, 0, 1 )
use_filter = true
font_data = ExtResource( 2 )

[node name="UI" type="Control"]
anchor_right = 1.0
anchor_bottom = 1.0
script = ExtResource( 1 )
__meta__ = {
"_edit_use_anchors_": false
}

[node name="Breach" type="Label" parent="."]
modulate = Color( 1, 0.784314, 0, 1 )
anchor_left = 1.0
anchor_right = 1.0
margin_left = -341.0
margin_right = -3.0
margin_bottom = 30.0
grow_horizontal = 2
grow_vertical = 2
rect_pivot_offset = Vector2( 102, 20 )
custom_fonts/font = SubResource( 1 )
text = "Warning : Hull Breach Detected"

[node name="AnimationPlayer" type="AnimationPlayer" parent="Breach"]
anims/Blink = SubResource( 2 )

[node name="Status" type="Label" parent="."]
modulate = Color( 1, 0, 0, 1 )
anchor_left = 1.0
anchor_top = 0.057
anchor_right = 1.0
anchor_bottom = 0.057
margin_left = -341.0
margin_top = -13.776
margin_right = -3.0
margin_bottom = 20.224
grow_horizontal = 2
grow_vertical = 2
rect_pivot_offset = Vector2( 102, 20 )
custom_fonts/font = SubResource( 1 )
text = "Warning : Hull Status Critical"

[node name="AnimationPlayer" type="AnimationPlayer" parent="Status"]
anims/Blink = SubResource( 3 )

[node name="Oxygen" type="Label" parent="."]
modulate = Color( 0, 0.858824, 1, 1 )
anchor_left = 1.0
anchor_top = 0.096
anchor_right = 1.0
anchor_bottom = 0.0986042
margin_left = -341.0
margin_top = -13.728
margin_right = -3.0
margin_bottom = 14.272
grow_horizontal = 2
grow_vertical = 2
rect_pivot_offset = Vector2( 102, 20 )
custom_fonts/font = SubResource( 1 )
text = "Warning : Oxygen Levels Critical"
__meta__ = {
"_edit_use_anchors_": false
}

[node name="AnimationPlayer" type="AnimationPlayer" parent="Oxygen"]
anims/Blink = SubResource( 4 )

[node name="Asteroid" type="Label" parent="."]
modulate = Color( 1, 0, 0, 1 )
anchor_left = 0.5
anchor_right = 0.5
margin_left = -169.0
margin_top = 63.998
margin_right = 169.0
margin_bottom = 180.998
grow_horizontal = 2
grow_vertical = 2
rect_pivot_offset = Vector2( 102, 20 )
custom_fonts/font = SubResource( 13 )
text = "Asteroid Incoming!!!
Protect the ship 
at the sentinel room!"
align = 1
valign = 1
__meta__ = {
"_edit_use_anchors_": false
}

[node name="AnimationPlayer" type="AnimationPlayer" parent="Asteroid"]
anims/Blink = SubResource( 12 )

[node name="Time" type="Label" parent="."]
anchor_left = 0.5
anchor_right = 0.5
margin_left = -215.5
margin_right = 215.5
margin_bottom = 40.0
grow_horizontal = 2
grow_vertical = 2
rect_pivot_offset = Vector2( 102, 20 )
custom_fonts/font = SubResource( 13 )
text = "Time to Destination: 100"
align = 1
valign = 1
__meta__ = {
"_edit_use_anchors_": false
}

[node name="Toll" type="Label" parent="."]
modulate = Color( 0, 1, 0, 1 )
anchor_left = 0.5
anchor_right = 0.5
margin_left = 304.019
margin_top = 102.883
margin_right = 655.019
margin_bottom = 259.883
grow_horizontal = 2
grow_vertical = 2
rect_pivot_offset = Vector2( 102, 20 )
custom_fonts/font = SubResource( 14 )
text = "Toll gate approaching!
Please present yourself 
at the navigation room."
align = 1
valign = 1
__meta__ = {
"_edit_use_anchors_": false
}

[node name="AnimationPlayer" type="AnimationPlayer" parent="Toll"]
anims/Blink = SubResource( 15 )

[node name="HullIcon" type="TextureRect" parent="."]
modulate = Color( 0, 0, 0, 1 )
anchor_left = 0.0193692
anchor_right = 0.0193692
margin_right = 64.0
margin_bottom = 64.0
texture = ExtResource( 8 )
__meta__ = {
"_edit_use_anchors_": true
}

[node name="HullBar" type="ProgressBar" parent="."]
anchor_left = 0.0193692
anchor_right = 0.0193692
margin_right = 64.0
margin_bottom = 64.0
custom_styles/fg = SubResource( 5 )
custom_styles/bg = SubResource( 6 )
value = 50.0
percent_visible = false
__meta__ = {
"_edit_use_anchors_": true
}

[node name="OxygenIcon" type="TextureRect" parent="."]
modulate = Color( 0, 0, 0, 1 )
anchor_left = 0.0193692
anchor_right = 0.0193692
margin_top = 80.0
margin_right = 64.0
margin_bottom = 144.0
texture = ExtResource( 3 )
__meta__ = {
"_edit_use_anchors_": true
}

[node name="OxygenBar" type="ProgressBar" parent="."]
anchor_left = 0.0193692
anchor_right = 0.0193692
margin_top = 80.0
margin_right = 64.0
margin_bottom = 144.0
custom_styles/fg = SubResource( 7 )
custom_styles/bg = SubResource( 8 )
value = 50.0
percent_visible = false
__meta__ = {
"_edit_use_anchors_": true
}

[node name="CargoIcon" type="TextureRect" parent="."]
modulate = Color( 0, 0, 0, 1 )
anchor_left = 0.0193692
anchor_right = 0.0193692
margin_top = 160.0
margin_right = 64.0
margin_bottom = 224.0
texture = ExtResource( 5 )
__meta__ = {
"_edit_use_anchors_": true
}

[node name="CargoBar" type="ProgressBar" parent="."]
anchor_left = 0.0193692
anchor_right = 0.0193692
margin_top = 160.0
margin_right = 64.0
margin_bottom = 224.0
custom_styles/fg = SubResource( 10 )
custom_styles/bg = SubResource( 11 )
max_value = 1000.0
value = 50.0
percent_visible = false
__meta__ = {
"_edit_use_anchors_": true
}

[node name="FineIcon" type="TextureRect" parent="."]
anchor_left = 0.0193692
anchor_right = 0.0193692
margin_top = 240.0
margin_right = 64.0
margin_bottom = 304.0
rect_rotation = -0.0373304
texture = ExtResource( 6 )
__meta__ = {
"_edit_use_anchors_": true
}

[node name="FinesLabel" type="Label" parent="."]
anchor_left = 0.0193692
anchor_right = 0.0193692
margin_left = 80.0
margin_top = 256.0
margin_right = 111.0
margin_bottom = 281.0
rect_rotation = -0.29462
custom_fonts/font = SubResource( 9 )
custom_colors/font_color = Color( 0, 0.956863, 1, 1 )
text = "0/3"
__meta__ = {
"_edit_use_anchors_": true
}
